@misc{DCdriver,
  title = {MD10C DCdriver},
  note = {\url{https://www.cytron.io/p-10amp-5v-30v-dc-motor-driver}}
}
@report{Relazione1,
author = {{Autore1,  Autore2}},
title = {Titolo relazione},
note = {Relazione corso Laboratorio di Automazione},
year = {2022-2023},
}

@misc{ManualCloth,
  title = {Manual Cloth Unity},
  note = {\url{https://docs.unity3d.com/Manual/class-Cloth.html}}
}

@misc{ROS2,
  title = {ROS2},
  note = {\url{https://docs.ros.org/en/humble/index.html}}
}

@misc{Unity,
  title = {Unity},
  note = {\url{https://docs.unity.com/}}
}

@misc{URDF-Importer,
  title = {URDF-Importer},
  note = {\url{https://github.com/Unity-Technologies/URDF-Importer}}
}
